
@article{le_monde_elon_2022,
	title = {Elon {Musk} devient le premier actionnaire de {Twitter}},
	url = {https://www.lemonde.fr/pixels/article/2022/04/04/elon-musk-devient-le-premier-actionnaire-de-twitter_6120535_4408996.html},
	abstract = {Le milliardaire a racheté plus de 9 \% des actions du réseau social, où il est l’une des personnalités les plus suivies.},
	language = {fr},
	urldate = {2025-05-25},
	author = {Le Monde},
	month = apr,
	year = {2022},
	keywords = {musk},
	file = {Snapshot:/Users/guhl/Zotero/storage/SEIR6XZM/elon-musk-devient-le-premier-actionnaire-de-twitter_6120535_4408996.html:text/html},
}

@misc{noauthor_ny_2022,
	title = {{NY} - {Börsenreport}},
	url = {https://www.sec.gov/Archives/edgar/data/1494730/000110465922041911/tm2211482d1_sc13g.htm},
	urldate = {2025-05-25},
	month = apr,
	year = {2022},
	keywords = {musk},
	file = {tm2211482d1_sc13g.htm:/Users/guhl/Zotero/storage/D57YNRGT/tm2211482d1_sc13g.html:text/html},
}

@article{le_monde_elon_2022-1,
	title = {Elon {Musk} propose de racheter {Twitter}},
	url = {https://www.lemonde.fr/pixels/article/2022/04/14/le-milliardaire-elon-musk-propose-de-racheter-twitter_6122149_4408996.html},
	abstract = {Le directeur général de Tesla et fondateur du groupe aérospatial SpaceX se dit prêt à débourser 54,20 dollars par action Twitter. Il assure que ce prix constitue « sa meilleure offre » et qu’elle ne sera pas modifiée.},
	language = {fr},
	urldate = {2025-05-25},
	author = {Le Monde},
	month = apr,
	year = {2022},
	keywords = {musk},
	file = {Snapshot:/Users/guhl/Zotero/storage/9GCVHYVG/le-milliardaire-elon-musk-propose-de-racheter-twitter_6122149_4408996.html:text/html},
}

@article{le_monde_elon_2022-2,
	title = {Elon {Musk} a racheté {Twitter} et licencié une partie de ses dirigeants},
	url = {https://www.lemonde.fr/pixels/article/2022/10/28/elon-musk-rachete-twitter-et-licencie-une-partie-de-ses-dirigeants_6147637_4408996.html},
	urldate = {2025-05-25},
	author = {Le Monde},
	month = oct,
	year = {2022},
	keywords = {musk},
	file = {Elon Musk a racheté Twitter et licencié une partie de ses dirigeants:/Users/guhl/Zotero/storage/8J2NHC3X/elon-musk-rachete-twitter-et-licencie-une-partie-de-ses-dirigeants_6147637_4408996.html:text/html},
}

@misc{digrin_twitter_2025,
	title = {Twitter, {Inc}. price {\textbar} {Digrin}},
	url = {https://www.digrin.com/stocks/detail/TWTR/price},
	urldate = {2025-05-25},
	author = {Digrin},
	year = {2025},
	keywords = {musk},
	file = {Twitter, Inc. price | Digrin:/Users/guhl/Zotero/storage/AD4SJGBE/price.html:text/html},
}

@misc{wikipedia_president-directeur_2023,
	title = {Président-directeur général},
	copyright = {Creative Commons Attribution-ShareAlike License},
	url = {https://de.wikipedia.org/w/index.php?title=Pr%C3%A9sident-directeur_g%C3%A9n%C3%A9ral&oldid=230052082},
	abstract = {Der Président-directeur général (Abkürzung PDG) ist in Frankreich der Titel des Leiters eines Unternehmens.
Der Titel setzt sich zusammen aus:

directeur général: Generaldirektor und damit oberster operativer Manager (In Deutschland vergleichbar mit dem Vorsitzenden des Vorstands (Aktiengesellschaft) oder dem Vorsitzenden der Geschäftsführung (GmbH))
président (… du conseil d’administration): Präsident des Verwaltungsrats (in Deutschland vergleichbar mit dem Unternehmensbeirat oder Aufsichtsrat (Vertreter der Anteilseigner))},
	language = {de},
	urldate = {2025-05-25},
	journal = {Wikipedia},
	author = {Wikipedia},
	month = jan,
	year = {2023},
	note = {Page Version ID: 230052082},
	keywords = {frz},
	file = {Snapshot:/Users/guhl/Zotero/storage/X3BXY3HQ/Président-directeur_général.html:text/html},
}

@article{schenker_elon_2022,
	series = {{GesKR}},
	title = {Elon {Musk} und {Twitter} – der schwierige {Weg} zur Übernahme},
	volume = {4/22},
	url = {https://www.walderwyss.com/assets/content/publications/221219_Elon-Musk-und-Twitter_der-schwierige-Weg-der-Uebernahme.pdf},
	language = {de},
	number = {Einzelheft «Schweizerische Zeitschrift für Gesellschafts- und Kapitalmarktrecht sowie Umstrukturierungen»},
	journal = {Einzelheft «Schweizerische Zeitschrift für Gesellschafts- und Kapitalmarktrecht sowie Umstrukturierungen»},
	author = {Schenker, Urs and Grand, Caroline},
	month = apr,
	year = {2022},
	keywords = {musk},
	pages = {501--507},
	file = {PDF:/Users/guhl/Zotero/storage/8TFT9R5T/Schenker und Grand - 2022 - Elon Musk und Twitter – der schwierige Weg zur Übernahme.pdf:application/pdf},
}

@misc{united_states_security_and_exchange_commission_schedule_2022,
	type = {filing},
	title = {{SCHEDULE} {13G}. {CUSIP} {90184L102}},
	url = {https://www.sec.gov/Archives/edgar/data/1494730/000110465922041911/tm2211482d1_sc13g.htm},
	urldate = {2025-05-26},
	author = {United States Security {and} Exchange Commission},
	month = apr,
	year = {2022},
	keywords = {musk, shares},
	file = {tm2211482d1_sc13g.htm:/Users/guhl/Zotero/storage/P5XDFEHR/tm2211482d1_sc13g.html:text/html},
}
