@Manual{R-base,
  title = {R: A Language and Environment for Statistical Computing},
  author = {{R Core Team}},
  organization = {R Foundation for Statistical Computing},
  address = {Vienna, Austria},
  year = {2022},
  url = {https://www.R-project.org/},
}

@Manual{R-collostructions,
  title = {collostructions: An R Implementation for the Family of Collostructional Methods},
  author = {Susanne Flach},
  year = {2021},
  note = {R package version 0.2.0},
  url = {www.sfla.ch},
}

@Manual{R-httr,
  title = {httr: Tools for Working with URLs and HTTP},
  author = {Hadley Wickham},
  year = {2023},
  note = {R package version 1.4.7},
  url = {https://httr.r-lib.org/},
}

@Manual{R-quanteda,
  title = {quanteda: Quantitative Analysis of Textual Data},
  author = {Kenneth Benoit and Kohei Watanabe and Haiyan Wang and Paul Nulty and Adam Obeng and Stefan Müller and Akitaka Matsuo and William Lowe},
  year = {2022},
  note = {R package version 3.2.1},
  url = {https://quanteda.io},
}

@Manual{R-syuzhet,
  title = {syuzhet: Extracts Sentiment and Sentiment-Derived Plot Arcs from Text},
  author = {Matthew Jockers},
  year = {2020},
  note = {R package version 1.0.6},
  url = {https://github.com/mjockers/syuzhet},
}

@Manual{R-xml2,
  title = {xml2: Parse XML},
  author = {Hadley Wickham and Jim Hester and Jeroen Ooms},
  year = {2021},
  note = {R package version 1.3.3},
  url = {https://xml2.r-lib.org/},
}

@Article{quanteda2018,
  title = {quanteda: An R package for the quantitative analysis of textual data},
  journal = {Journal of Open Source Software},
  author = {Kenneth Benoit and Kohei Watanabe and Haiyan Wang and Paul Nulty and Adam Obeng and Stefan Müller and Akitaka Matsuo},
  doi = {10.21105/joss.00774},
  url = {https://quanteda.io},
  volume = {3},
  number = {30},
  pages = {774},
  year = {2018},
}

@Manual{syuzhet2015,
  title = {Syuzhet: Extract Sentiment and Plot Arcs from Text},
  author = {Matthew L. Jockers},
  year = {2015},
  url = {https://github.com/mjockers/syuzhet},
}

