@book{de_man_allegories,
author = {De Man, Paul},
address = {New Haven, Conn. [u.a},
booktitle = {Allegories of reading : figural language in Rousseau, Nietzsche, Rilke, and Proust},
isbn = {0-300-02322-7},
keywords = {Alegor√≠a},
language = {eng},
publisher = {Yale Univ. Press},
title = {Allegories of reading : figural language in Rousseau, Nietzsche, Rilke, and Proust / Paul De Man.},
year = {1979},
}

