
@incollection{scheibenberger_band_2016,
	title = {Band 1.3 {Kommentar} zu {Nietzsches} "{Ueber} {Wahrheit} und {Lüge} im aussermoralischen {Sinne}"},
	copyright = {De Gruyter expressly reserves the right to use all content for commercial text and data mining within the meaning of Section 44b of the German Copyright Act.},
	isbn = {978-3-11-046155-8},
	url = {https://www.degruyter.com/document/doi/10.1515/9783110461558/html},
	abstract = {Mit Ueber Wahrheit und Lüge im aussermoralischen Sinne (1873) versucht Nietzsche, ein Jahr nach Publikation der Geburt der Tragödie , eine Auseinandersetzung mit zentralen Fragen der Sprachphilosophie durch die Hinterfragung der Möglichkeitsbedingungen des Denkens. Zunächst als private Gedankensammlung angelegt, wird diese Schrift im 20. Jahrhundert zu einem der prominentesten Paradigmen der sprachphilosophisch-ästhetischen Reflexion.},
	language = {de},
	urldate = {2024-05-25},
	booktitle = {Band 1.3 {Kommentar} zu {Nietzsches} "{Ueber} {Wahrheit} und {Lüge} im aussermoralischen {Sinne}"},
	publisher = {De Gruyter},
	author = {Scheibenberger, Sarah},
	month = may,
	year = {2016},
	doi = {10.1515/9783110461558},
	keywords = {19. Jahrhundert, Friedrich, Kommentar, Kulturgeschichte, Nietzsche, auer},
	file = {Full Text PDF:/Users/guhl/Zotero/storage/RD9VNRIL/Scheibenberger - 2016 - Band 1.3 Kommentar zu Nietzsches Ueber Wahrheit u.pdf:application/pdf},
}

@misc{noauthor_dbis_nodate,
	title = {{DBIS}},
	url = {https://dbis.ur.de/detail.php?titel_id=9380&bib_id=fub},
	urldate = {2024-06-02},
	keywords = {nietzsche},
	file = {DBIS:/Users/guhl/Zotero/storage/PRDDVYTQ/detail.html:text/html},
}

@misc{nietzsche_nietzsche_nodate,
	type = {Datenbank},
	title = {Nietzsche {Source} – {DFGA}, {Mp}-{XII}-4,36},
	url = {http://www.nietzschesource.org/DFGA/Mp-XII-4,36},
	urldate = {2024-06-02},
	journal = {www.nietzschesource.org},
	author = {Nietzsche, Friedrich},
	keywords = {HS, nietzsche},
	file = {Nietzsche Source – DFGA, Titel:/Users/guhl/Zotero/storage/LWN3AYUN/Mp-XII-4,36.html:text/html},
}

@misc{nietzsche_nietzsche_nodate-1,
	title = {Nietzsche {Source} – {DFGA}, {U}-{II}-2,1et2},
	url = {http://www.nietzschesource.org/DFGA/U-II-2,1et2},
	urldate = {2024-06-02},
	journal = {www.nietzschesource.org},
	author = {Nietzsche, Friedrich},
	keywords = {HS, nietzsche},
	file = {Nietzsche Source – DFGA:/Users/guhl/Zotero/storage/63LZHQQI/U-II-2,1et2.html:text/html},
}

@misc{nietzsche_uber_nodate,
	type = {text/html},
	title = {Über {Wahrheit} und {Lüge} im außermoralischen {Sinne}},
	url = {https://www.projekt-gutenberg.org/nietzsch/essays/wahrheit.html},
	urldate = {2024-06-02},
	journal = {projekt-gutenberg.org},
	author = {Nietzsche, Friedrich and gutenberg.org},
	keywords = {nietzsche, primaere},
	file = {Über Wahrheit und Lüge im außermoralischen Sinne:/Users/guhl/Zotero/storage/C5J85UMH/wahrheit.html:text/html},
}

@incollection{nietzsche_ueber_2021,
	address = {Berlin, Boston},
	title = {Ueber {Wahrheit} und {Lüge} im aussermoralischen {Sinne}},
	volume = {1},
	isbn = {978-3-11-241876-5},
	language = {ger},
	booktitle = {Die {Geburt} der {Tragödie}. {Unzeitgemäße} {Betrachtungen} {I}–{IV}. {Nachgelassene} {Schriften} 1870–1873},
	publisher = {De Gruyter},
	author = {Nietzsche, Friedrich},
	collaborator = {Montinari, Mazzino and Colli, Giorgio},
	year = {2021},
	doi = {10.1515/9783112418765-016},
	keywords = {nietzsche},
	pages = {873--890},
}
