
@article{hicks_necrography_2021,
	title = {Necrography: {Death}-{Writing} in the {Colonial} {Museum}},
	issn = {2058-5462},
	shorttitle = {Necrography},
	url = {https://britishartstudies.ac.uk/issues/issue-index/issue-19/death-writing-in-the-colonial-museums},
	doi = {10.17658/issn.2058-5462/issue-19/conversation},
	abstract = {An online, open-access and peer-reviewed academic journal for research on all aspects of British art, architecture and visual culture.},
	number = {19},
	urldate = {2024-11-30},
	journal = {British Art Studies},
	author = {Hicks, Dan and Basil, Priya and Geismar, Haidy and Kadar, Marlene and Ogboh, Emeka and Rubio, Fernando Domínguez and Deliss, Clémentine and Mirzoeff, Nicholas and Bennett, Bonita and Rassool, Ciraj and Araujo, Ana Lucia},
	month = feb,
	year = {2021},
	keywords = {dinge, ref=primo},
}

@article{bohemia_milan_nodate,
	title = {Milan {Zápotocký} : {Streitäxte} und {Streitaxtkulturen} / {Bojové} sekeromlaty a kultura bojových sekeromlatů / {Combat} hammers and hammers martial culture},
	shorttitle = {Milan {Zápotocký}},
	url = {https://www.academia.edu/21861996/Milan_Z%C3%A1potock%C3%BD_Streit%C3%A4xte_und_Streitaxtkulturen_Bojov%C3%A9_sekeromlaty_a_kultura_bojov%C3%BDch_sekeromlat%C5%AF_Combat_hammers_and_hammers_martial_culture},
	abstract = {The study was published in the journal ,, Archaeological Monuments ", 1966, vol. 57, no. 1},
	language = {en},
	urldate = {2024-11-22},
	author = {Bohemia, Digital library},
}

@misc{wikidata_commemorative_2024,
	title = {Commemorative head of a queen mother},
	url = {https://www.wikidata.org/wiki/Q106983702},
	abstract = {Bronze sculpture, possibly of Queen Idia},
	language = {en},
	urldate = {2024-12-01},
	author = {wikidata},
	year = {2024},
	keywords = {dinge},
	file = {Snapshot:/Users/guhl/Zotero/storage/8YSLU3S5/Q106983702.html:text/html},
}

@misc{schwarz_this_2024,
	title = {This draft working directory},
	url = {https://github.com/esteeschwarz/SPUND-LX/tree/main/szondi/dinge},
	author = {Schwarz, St.},
	month = dec,
	year = {2024},
}
