
@misc{noauthor_catalog_nodate,
	title = {Catalog {Record}: {Die} schönste lengevitch {\textbar} {HathiTrust} {Digital} {Library}},
	url = {https://catalog.hathitrust.org/Record/001784426/Home},
	urldate = {2022-07-01},
}

@misc{noauthor_duden-api_nodate,
	title = {Duden-{API} - die {Duden}-{Programmierschnittstelle}},
	url = {https://www.duden.de/api},
	abstract = {Mit der Duden-API Texte in Duden-Qualität prüfen ✔ Einfache Integrationsmöglichkeit in Ihre bestehende Software ✔ DSGVO-konform ✔ Kontaktieren Sie uns!},
	language = {de},
	urldate = {2022-07-14},
	file = {Snapshot:/Users/guhl/Zotero/storage/XCKLFU9H/api.html:text/html},
}

@article{perera_durm_nodate,
	title = {The {Durm} {German} {Lemmatizer}},
	language = {en},
	author = {Perera, Praharshana and Witte, Rene},
	pages = {21},
}

@book{verlag_das_wunderhorn_gmbh_aus_2018,
	address = {Heidelberg},
	title = {Aus {Mangel} an {Beweisen}: deutsche {Lyrik} 2008-2018 / herausgegeben von {Michael} {Braun} und {Hans} {Thill}.},
	isbn = {978-3-88423-601-7},
	shorttitle = {Aus {Mangel} an {Beweisen}},
	language = {ger},
	publisher = {Wunderhorn},
	author = {{Verlag Das Wunderhorn GmbH} and Braun, Michael and Thill, Hans},
	year = {2018},
	keywords = {21. Jahrhundert, Deutsch, Deutschsprachig, Geschichte 2008-2018, Lyrik, Lyrikanthologie},
}

@book{zipfel_lyrik_2022,
	address = {Berlin, Heidelberg},
	series = {Abhandlungen zur {Literaturwissenschaft}},
	title = {Lyrik der {Welt} - {Welt} der {Lyrik}: {Lyrik} und {Lyrikforschung} {Aus} {Komparatistischer} {Perspektive}},
	isbn = {978-3-662-63798-2},
	shorttitle = {Lyrik der {Welt} - {Welt} der {Lyrik}},
	url = {https://link.springer.com/book/10.1007/978-3-662-63799-9},
	language = {ger},
	publisher = {J. B. Metzler'sche Verlagsbuchhandlung \& Carl Ernst Poeschel GmbH},
	author = {Zipfel, Frank and Seiler, Sascha and Kopf, Martina and Heß, Jonas},
	collaborator = {Zipfel, Frank and Seiler, Sascha and Heß, Jonas and Kopf, Martina},
	year = {2022},
	doi = {10.1007/978-3-662-63799-9},
	note = {ISSN: 2520-8381},
	keywords = {Literature, Comparative Literature, J.B. Metzler Humanities, Literary Theory, Literature, general, Poetry and Poetics},
	file = {Snapshot:/Users/guhl/Zotero/storage/25AINHAE/978-3-662-63799-9.html:text/html},
}

@inproceedings{verlag_konigshausen__neumann_lyrik_2016,
	address = {Würzburg},
	series = {Saarbrücker {Beiträge} zur vergleichenden {Literatur}- und {Kulturwissenschaft} {Band} 78},
	title = {Lyrik transkulturell / herausgegeben von {Eva} {Binder}, {Sieglinde} {Klettenhammer}, {Birgit} {Mertz}-{Baumgartner}.},
	isbn = {978-3-8260-5796-0},
	language = {ger;eng},
	publisher = {Königshausen \& Neumann},
	author = {{Verlag Königshausen \& Neumann} and Binder, Eva and Klettenhammer, Sieglinde and Mertz-Baumgartner, Birgit},
	year = {2016},
	keywords = {Lyrik, deutschsprachige Lyrik, Interkulturalität, internationale Lyrik, Lyrik transkulturell},
}

@article{von_ammon_tertium_2018,
	title = {Tertium quid. {Uljana} {Wolfs} translinguale {Sendung}},
	volume = {28},
	issn = {0323-7982},
	url = {https://www.jstor.org/stable/26583303},
	abstract = {In der poetologischen Lyrik der Gegenwart werden einerseits Traditionen aus dem vergangenen Jahrhundert fortgesetzt, andererseits lassen sich aber auch neue Tendenzen beobachten, die man als ‚Pluralisierung‘ und ‚Internationalisierung‘ bezeichnen könnte. Der Beitrag geht diesen Entwicklungen anhand von Texten aus Uljana Wolfs jüngstem Gedichtband meine schönste lengevitch (2013) und aus seinem Umfeld nach und zeigt, wie Wolf in Auseinandersetzung mit hierzulande kaum bekannten Vorbildautoren aus den Vereinigten Staaten ihre translinguale Poetik entwickelt und in die poetische Praxis umsetzt. In contemporary poetological poetry one can observe the continuation of traditions stemming from the twentieth century, but also the emergence of new tendencies, which could be described as ‚pluralization‘ and ‚internationalization‘. This paper examines these tendencies with regard to Uljana Wolf's most recent volume of poetry meine schönste lengevitch (2013) as well as other texts, and shows how Wolf – in dialogue with poets from the United States hitherto unknown in this country – develops her translingual poetics and turns it into poetic practice.},
	number = {2},
	urldate = {2022-08-08},
	journal = {Zeitschrift für Germanistik},
	author = {von Ammon, Frieder},
	year = {2018},
	note = {Publisher: Peter Lang AG},
	pages = {275--289},
}

@misc{jockers_revealing_2015,
	title = {Revealing {Sentiment} and {Plot} {Arcs} with the {Syuzhet} {Package} {Matthew} {L}. {Jockers}},
	url = {https://www.matthewjockers.net/2015/02/02/syuzhet/},
	language = {en-US},
	urldate = {2022-11-05},
	author = {Jockers, Matthew L.},
	year = {2015},
	keywords = {plot analysis, semantics},
	file = {Snapshot:/Users/guhl/Zotero/storage/ECUS9T4N/syuzhet.html:text/html},
}

@misc{reynaldo_distributions_nodate,
	title = {Distributions of {Function} {Words} {Across} {Narrative} {Time} in 50,000 {Novels} – {DH2018}},
	url = {https://dh2018.adho.org/en/distributions-of-function-words-across-narrative-time-in-50000-novels/},
	language = {en-US},
	urldate = {2022-11-05},
	author = {{Reynaldo}},
	keywords = {semantics},
	file = {Snapshot:/Users/guhl/Zotero/storage/RV5P36G4/distributions-of-function-words-across-narrative-time-in-50000-novels.html:text/html},
}

@book{wolf_etymologischer_2021,
	address = {Berlin},
	edition = {1. Auflage},
	series = {Kookbooks {Reihe} {Essay} 7},
	title = {Etymologischer {Gossip}: {Essays} und {Reden} / {Uljana} {Wolf}.},
	isbn = {978-3-948336-03-5},
	shorttitle = {Etymologischer {Gossip}},
	abstract = {Kommt die eigene Sprache erst zu ihrem Wort, wenn sie aus der Selbstverständlichkeit fällt? Ist sie dann in eine Hüpfburg gegangen und prallt mit anderen falschen Freunden zusammen? Oder beugt sie sich mit anderen Frauen über einen Stadtplan und murmelt etymologisch zweifelhafte, aber poetologisch zündende Wegbeschreibungen? Routen für die Leser*innen, die von translantischen Texten erst geschrieben werden? In den hier erstmals versammelten Essays und Reden entwirft die Lyrikerin und Übersetzerin Uljana Wolf lustvoll und hellhörig jenes "cargo schmargo" des Gedichts, "die Verschiebung des herrschenden Ausdrucks" als produktive Verstörung angestammter Wahrnehmung von Identität und Sprache. Ob Prosagedicht, Übersetzung, translinguales Schreiben - Wolfs Augenmerk gilt dem schmugglerischen Sprachhandeln, den hybriden Formen, dem "Grundrecht", "jenes und zugleich ein anderes zu sein". Davon bleibt auch die Form des Essays nicht unberührt, wird "Guessay", "Translabor", Versuchsanordnung eines poetischen Denkens, das immer währendes Gespräch ist - unter anderem mit Ilse Aichinger, Peter Huchel, Gertrude Stein, Elisabeth Barrett Browning und Theresa Hak Kyung Cha -, eine Form, die zum Weitersprechen, Fabulieren und gossippen einlädt. „Wolfs Texte sind eine Suche nach den Bewegungen der Wörter durch die Sprachen. In ihren gesammelten Essays und Vorträgen erkundet Wolf die ästhetischen Verzweigungen mehrsprachiger Lyrik. Sie sucht nach überraschenden Verbindungen im vermeintlichen Durcheinander der Stimmen“ (Platz 3 der SWR Bestenliste September 2021), Reihenzählung von der Verlagsseite},
	language = {eng;ger},
	publisher = {kookbooks},
	author = {Wolf, Uljana},
	collaborator = {{kookbooks}},
	year = {2021},
}

@article{bates_fitting_2015,
	title = {Fitting {Linear} {Mixed}-{Effects} {Models} {Using} lme4},
	volume = {67},
	url = {https://github.com/lme4/lme4/},
	doi = {10.18637/jss.v067.i01},
	number = {1},
	journal = {Journal of Statistical Software},
	author = {Bates, Douglas and Mächler, Martin and Bolker, Ben and Walker, Steve},
	year = {2015},
	pages = {1--48},
}

@misc{noauthor_gaps_nodate,
	title = {Gaps and {Tatters}: {The} {Poetry} of {Uljana} {Wolf}},
	shorttitle = {Gaps and {Tatters}},
	url = {https://www.musicandliterature.org/features/2017/2/28/gaps-and-tatters-the-poetry-of-uljana-wolf},
	abstract = {A feature by Heidi Hart   Reading the introduction to German poet Uljana Wolf’s “Method Acting mit Anna O.,” I come across the word “Aberzählen.”\&nbsp; Momentarily forgetting my own German prefixes, I see a new mashup of “aber” (“but”) and most of “erzählen” (“to narrate”). Knowing Wolf’s pencha},
	language = {en-US},
	urldate = {2022-12-18},
	journal = {Music \& Literature},
	file = {Snapshot:/Users/guhl/Zotero/storage/WA88UTAC/gaps-and-tatters-the-poetry-of-uljana-wolf.html:text/html},
}

@book{wolf_kochanie_2005,
	address = {Idstein},
	edition = {1. Aufl.},
	series = {Reihe {Lyrik} 5},
	title = {Kochanie ich habe brot gekauft: {Gedichte} / {Uljana} {Wolf}.},
	isbn = {978-3-937445-16-8},
	shorttitle = {Kochanie ich habe brot gekauft},
	language = {ger},
	publisher = {Kookbooks},
	author = {Wolf, Uljana},
	year = {2005},
}

@book{von_bernuth_nexus_2021,
	title = {Nexus: {Essays} in {German} {Jewish} {Studies}, {Volume} 5: {Moments} of {Enlightenment}: {In} {Memory} of {Jonathan} {M}. {Hess}},
	isbn = {978-1-64014-079-0},
	shorttitle = {Nexus},
	url = {https://www.cambridge.org/core/books/nexus-essays-in-german-jewish-studies-volume-5/7FB31C1E5CFAACA4874367513B263723},
	abstract = {Special volume treating exemplars of the vast number of texts arising from historic and imaginary encounters between Jews and non-Jewish Germans, from the early modern period to the present.},
	urldate = {2022-12-18},
	publisher = {Boydell \& Brewer},
	editor = {von Bernuth, Ruth and Downing, Eric},
	year = {2021},
	doi = {10.1017/9781787449381},
	file = {Snapshot:/Users/guhl/Zotero/storage/IFMTZZ8Y/7FB31C1E5CFAACA4874367513B263723.html:text/html},
}

@book{wolf_meine_2013,
	address = {Berlin},
	edition = {1. Auflage},
	series = {Reihe {Lyrik} {Band} 32},
	title = {Meine schönste {Lengevitch}: {Gedichte} / {Uljana} {Wolf}.},
	isbn = {978-3-937445-57-1},
	shorttitle = {Meine schönste {Lengevitch}},
	language = {ger},
	publisher = {kookbooks},
	author = {Wolf, Uljana},
	year = {2013},
	keywords = {Anthologie},
}

@book{wolf_falsche_2009,
	address = {Idstein},
	edition = {1. Aufl.},
	series = {Kookbooks : {Reihe} {Lyrik} 15},
	title = {Falsche {Freunde}: {Gedichte} / {Uljana} {Wolf}.},
	isbn = {978-3-937445-38-0},
	shorttitle = {Falsche {Freunde}},
	language = {ger},
	publisher = {kookbooks},
	author = {Wolf, Uljana},
	year = {2009},
	keywords = {Anthologie},
}

@book{wolf_muttertask_2023,
	address = {Berlin},
	edition = {1. Auflage},
	series = {Reihe {Lyrik} {Band} 85},
	title = {Muttertask: {Gedichte} / {Uljana} {Wolf}.},
	isbn = {978-3-948336-22-6},
	shorttitle = {Muttertask},
	language = {ger},
	publisher = {kookbooks},
	author = {Wolf, Uljana},
	collaborator = {{kookbooks}},
	year = {2023},
	keywords = {Interlingualität, Mutterschaft, prosepoem, Übersetzung, WIT, wolf},
}

@misc{schwarz_wolf-handout_2025,
	title = {wolf-handout: {Skripte} zur {Berechnungen} der statistischen {Angaben}},
	url = {https://github.com/esteeschwarz/SPUND-LX/tree/main/szondi/WITprose},
	urldate = {2025-01-29},
	author = {Schwarz, St.},
	month = jan,
	year = {2025},
	keywords = {handout, witprose, wolf},
	file = {Snapshot:/Users/guhl/Zotero/storage/WCU8X2MZ/WITprose.html:text/html},
}

@misc{liso_warum_2024,
	title = {´warum / spielen heimatländer in den lüften karten?’ {A} {Glimpse} into {Uljana} {Wolf}’s {Post}-{German} {Poetry}},
	shorttitle = {‘warum / spielen heimatländer in den lüften karten?},
	url = {https://articulations.temporal-communities.de/contributions/wolf-post-german-poetry/},
	language = {en-GB},
	urldate = {2025-01-29},
	author = {Liso, Chiara},
	month = jun,
	year = {2024},
	keywords = {liso, postdeutsch, wolf},
	file = {Snapshot:/Users/guhl/Zotero/storage/3BWQWKL4/wolf-post-german-poetry.html:text/html},
}

@misc{ids_dereko-2014-ii-mainarchive-stt100000_2014,
	title = {{DeReKo}-2014-{II}-{MainArchive}-{STT}.100000. {Grund}- und {Wortformenlisten} {\textbar} {IDS}},
	url = {https://www.ids-mannheim.de/digspra/kl/projekte/methoden/derewo/},
	urldate = {2025-01-29},
	author = {IDS},
	month = dec,
	year = {2014},
	keywords = {dereko, keywords, wolf},
	file = {Grund- und Wortformenlisten | IDS:/Users/guhl/Zotero/storage/4F2JUQWM/derewo.html:text/html},
}

@misc{noauthor_grund-_nodate,
	title = {Grund- und {Wortformenlisten} {\textbar} {IDS}},
	url = {https://www.ids-mannheim.de/digspra/kl/projekte/methoden/derewo/},
	urldate = {2025-01-29},
	keywords = {dereko, handout, wolf},
	file = {Grund- und Wortformenlisten | IDS:/Users/guhl/Zotero/storage/S6RDW79R/derewo.html:text/html},
}
