
@incollection{imo_digital_2024,
	address = {Germany},
	title = {Digital vermittelte {Interaktion} ohne {Kopräsenz}: {Immer} noch {Interaktion}?},
	volume = {23},
	isbn = {978-3-11-074416-3},
	shorttitle = {Digital vermittelte {Interaktion} ohne {Kopräsenz}},
	language = {ger},
	booktitle = {Handbuch {Sprache} und {Digitale} {Kommunikation}},
	publisher = {Walter de Gruyter GmbH},
	author = {Imo, Wolfgang},
	collaborator = {Androutsopoulos, Jannis and Vogel, Friedemann and Androutsopoulos, Jannis and Vogel, Friedemann},
	year = {2024},
	doi = {10.1515/9783110744163-012},
	pages = {249--268},
}
