@Manual{R-collostructions,
  title = {collostructions: An R Implementation for the Family of Collostructional Methods},
  author = {Susanne Flach},
  year = {2021},
  note = {R package version 0.2.0},
  url = {www.sfla.ch},
}

